@article{Shoup2004Sequences,
  title={Sequences of games: a tool for taming complexity in security proofs.},
  author={Shoup, Victor},
  journal={IACR Cryptology ePrint Archive},
  volume={2004},
  number={332},
  year={2004}
}

@article{Bellare2004CodeBased,
  title={Code-Based Game-Playing Proofs and the Security of Triple Encryption.},
  author={Bellare, Mihir and Rogaway, Phillip},
  journal={IACR Cryptology ePrint Archive},
  volume={2004},
  number={331},
  year={2004}
}
